% Paper-1: Introduction & statistics
@article{fraser2000microbial,
  title={Microbial genome sequencing},
  author={Fraser, Claire M and Eisen, Jonathan A and Salzberg, Steven L},
  journal={Nature},
  volume={406},
  number={6797},
  pages={799--803},
  year={2000},
  publisher={Nature Publishing Group}
} 
% Paper-2: Introduction & statistics
@article{land2015insights,
  title={Insights from 20 years of bacterial genome sequencing},
  author={Land, Miriam and Hauser, Loren and Jun, Se-Ran and Nookaew, Intawat and Leuze, Michael R and Ahn, Tae-Hyuk and Karpinets, Tatiana and Lund, Ole and Kora, Guruprased and Wassenaar, Trudy and others},
  journal={Functional \& integrative genomics},
  volume={15},
  number={2},
  pages={141--161},
  year={2015},
  publisher={Springer}
}


% Paper-3: Comparative GenomeAnalysis
@article{edwards2013beginner,
	title={Beginnerâ€™s guide to comparative bacterial genome analysis using next-generation sequence data},
	author={Edwards, David J and Holt, Kathryn E},
	journal={Microbial informatics and experimentation},
	volume={3},
	number={1},
	pages={2},
	year={2013},
	publisher={Springer}
}


% Book-1:Encyclopedia of Bioinformatics and Computational Biology: ABC of Bioinformatics
@book{ranganathan2018encyclopedia,
  title={Encyclopedia of Bioinformatics and Computational Biology: ABC of Bioinformatics},
  author={Ranganathan, Shoba and Nakai, Kenta and Schonbach, Christian},
  year={2018},
  publisher={Elsevier}
}
% Book-2: Bioinformatics for dummies
@book{claverie2006bioinformatics,
  title={Bioinformatics for dummies},
  author={Claverie, Jean-Michel and Notredame, Cedric},
  year={2006},
  publisher={John Wiley \& Sons}
}

@book{jones2004introduction,
  title={An introduction to bioinformatics algorithms},
  author={Jones, Neil C and Pevzner, Pavel A and Pevzner, Pavel},
  year={2004},
  publisher={MIT press}
}

@misc{gutierrez2019genome,
  title={Genome sequence databases: Types of data and bioinformatic tools},
  author={Guti{\'e}rrez-Preciado, Ana and Deschamps, Philippe and Delmont, Tom and Chica, Claudia and Chrismas, Nathan AM and de la Vega, Ricardo Rodriguez},
  year={2019}
}

@book{ray2003,
  title={Bacterial Genomes
  },
  author =    {C. Ray, Kenneth J. Ryan},
  year={2003},
  publisher={McGraw-Hill Medical}
} 





